<collection xmlns="http://www.loc.gov/MARC21/slim">
<record>
  <leader>01335nam0a2200289 i 450 </leader>
  <controlfield tag="001">IT\ICCU\CNCE\011009</controlfield>
  <controlfield tag="005">20110222000000.0</controlfield>
  <datafield tag="012" ind1=" " ind2=" ">
    <subfield code="a">r,se .8i, exet noQu (3) 1569 (A)</subfield>
    <subfield code="2">fei</subfield>
  </datafield>
  <datafield tag="100" ind1=" " ind2=" ">
    <subfield code="a">19970101d1569        0itac0103    ba</subfield>
  </datafield>
  <datafield tag="101" ind1=" " ind2=" ">
    <subfield code="a">LAT</subfield>
  </datafield>
  <datafield tag="102" ind1=" " ind2=" ">
    <subfield code="a">IT</subfield>
  </datafield>
  <datafield tag="200" ind1="1" ind2=" ">
    <subfield code="a">Summa sacramentorum Ecclesiae, ex doctrina fratris Francisci a Victoria ... per Thomam a Chaues</subfield>
  </datafield>
  <datafield tag="210" ind1=" " ind2=" ">
    <subfield code="a">Brixiae</subfield>
    <subfield code="c">apud Franciscum</subfield>
    <subfield code="d">&amp; P. Mariam de Marchettis</subfield>
    <subfield code="d">1569</subfield>
  </datafield>
  <datafield tag="215" ind1=" " ind2=" ">
    <subfield code="a">\8!, 329, \23! p.</subfield>
    <subfield code="d">12ʻ</subfield>
  </datafield>
  <datafield tag="620" ind1=" " ind2=" ">
    <subfield code="a">IT</subfield>
    <subfield code="d">Brescia</subfield>
  </datafield>
  <datafield tag="700" ind1=" " ind2="1">
    <subfield code="a">Chaves,</subfield>
    <subfield code="b">Tomaz : de</subfield>
    <subfield code="3">IT\ICCU\CNCA\002982</subfield>
  </datafield>
  <datafield tag="702" ind1=" " ind2="0">
    <subfield code="a">Francisco</subfield>
    <subfield code="c"> : de#Vitoria</subfield>
    <subfield code="3">IT\ICCU\CNCA\002284</subfield>
  </datafield>
  <datafield tag="712" ind1="0" ind2="0">
    <subfield code="a">Marchetti, Francesco &amp; Marchetti, Pietro Maria</subfield>
    <subfield code="3">IT\ICCU\CNCT\000789</subfield>
    <subfield code="4">650</subfield>
  </datafield>
  <datafield tag="790" ind1=" " ind2="1">
    <subfield code="a">Caves,</subfield>
    <subfield code="b">Tomaso : di</subfield>
    <subfield code="3">IT\ICCU\CNCA\007936</subfield>
    <subfield code="z">Chaves, Tomaz : de</subfield>
  </datafield>
  <datafield tag="790" ind1=" " ind2="0">
    <subfield code="a">Tomaso</subfield>
    <subfield code="c"> : di#Caves</subfield>
    <subfield code="3">IT\ICCU\CNCA\013202</subfield>
    <subfield code="z">Chaves, Tomaz : de</subfield>
  </datafield>
  <datafield tag="790" ind1=" " ind2="0">
    <subfield code="a">Thomas</subfield>
    <subfield code="c"> : de#Chaves</subfield>
    <subfield code="3">IT\ICCU\CNCA\013203</subfield>
    <subfield code="z">Chaves, Tomaz : de</subfield>
  </datafield>
  <datafield tag="790" ind1=" " ind2="1">
    <subfield code="a">Vitoria,</subfield>
    <subfield code="b">Francisco : de</subfield>
    <subfield code="3">IT\ICCU\CNCA\014241</subfield>
    <subfield code="z">Francisco : de#Vitoria</subfield>
  </datafield>
  <datafield tag="790" ind1=" " ind2="0">
    <subfield code="a">Franciscus</subfield>
    <subfield code="c"> : de#Victoria</subfield>
    <subfield code="3">IT\ICCU\CNCA\022201</subfield>
    <subfield code="z">Francisco : de#Vitoria</subfield>
  </datafield>
  <datafield tag="801" ind1=" " ind2="3">
    <subfield code="a">IT</subfield>
    <subfield code="b">ICCU</subfield>
    <subfield code="c">20201113</subfield>
  </datafield>
  <datafield tag="899" ind1=" " ind2=" ">
    <subfield code="a">Biblioteca provinciale dei Cappuccini. Firenze</subfield>
    <subfield code="1">FI0041</subfield>
    <subfield code="2">RT1 PC</subfield>
  </datafield>
  <datafield tag="899" ind1=" " ind2=" ">
    <subfield code="a">Biblioteca statale. Lucca</subfield>
    <subfield code="1">LU0022</subfield>
    <subfield code="2">LUA BL</subfield>
  </datafield>
  <datafield tag="899" ind1=" " ind2=" ">
    <subfield code="a">Biblioteca Vallicelliana. Roma</subfield>
    <subfield code="1">RM0281</subfield>
    <subfield code="2">RML 08</subfield>
  </datafield>
</record>
</collection>
